@MISC{protobuf,
note = "Protocol Buffers - Google's data interchange format, http://code.google.com/p/protobuf/. Accessed January 13, 2010."
}

@MISC{Harmony,
note = "Harmony: A Consistent Distributed Hash Table, http://harmony.cs.washington.edu/. Accessed January 13, 2010."
}

@MISC{Hadoop,
note = "Welcome to Apache Hadoop!, http://hadoop.apache.org/. Accessed January 13, 2010."
}

@article{LamportClocks,
 author = {Lamport, Leslie},
 title = {Time, clocks, and the ordering of events in a distributed system},
 journal = {Commun. ACM},
 volume = {21},
 number = {7},
 year = {1978},
 issn = {0001-0782},
 pages = {558--565},
 doi = {http://doi.acm.org/10.1145/359545.359563},
 publisher = {ACM},
 address = {New York, NY, USA},
 }

@inproceedings{Daikon,
 author = {Ernst, Michael D. and Cockrell, Jake and Griswold, William G. and Notkin, David},
 title = {Dynamically discovering likely program invariants to support program evolution},
 booktitle = {ICSE '99: Proceedings of the 21st international conference on Software engineering},
 year = {1999},
 isbn = {1-58113-074-0},
 pages = {213--224},
 location = {Los Angeles, California, United States},
 doi = {http://doi.acm.org/10.1145/302405.302467},
 publisher = {ACM},
 address = {New York, NY, USA},
 }


@inproceedings{DIDUCE,
 author = {Hangal, Sudheendra and Lam, Monica S.},
 title = {Tracking down software bugs using automatic anomaly detection},
 booktitle = {ICSE '02: Proceedings of the 24th International Conference on Software Engineering},
 year = {2002},
 isbn = {1-58113-472-X},
 pages = {291--301},
 location = {Orlando, Florida},
 doi = {http://doi.acm.org/10.1145/581339.581377},
 publisher = {ACM},
 address = {New York, NY, USA},
 }


@inproceedings{CrystallBall,
 author = {Yabandeh, Maysam and Knezevic, Nikola and Kostic, Dejan and Kuncak, Viktor},
 title = {CrystalBall: predicting and preventing inconsistencies in deployed distributed systems},
 booktitle = {NSDI'09: Proceedings of the 6th USENIX symposium on Networked systems design and implementation},
 year = {2009},
 pages = {229--244},
 location = {Boston, Massachusetts},
 publisher = {USENIX Association},
 address = {Berkeley, CA, USA},
 }


@inproceedings{MODIST,
 author = {Yang, Junfeng and Chen, Tisheng and Wu, Ming and Xu, Zhilei and Liu, Xuezheng and Lin, Haoxiang and Yang, Mao and Long, Fan and Zhang, Lintao and Zhou, Lidong},
 title = {MODIST: transparent model checking of unmodified distributed systems},
 booktitle = {NSDI'09: Proceedings of the 6th USENIX symposium on Networked systems design and implementation},
 year = {2009},
 pages = {213--228},
 location = {Boston, Massachusetts},
 publisher = {USENIX Association},
 address = {Berkeley, CA, USA},
 }

@inproceedings{Perracotta06_ImperfectTraces,
 author = {Yang, Jinlin and Evans, David and Bhardwaj, Deepali and Bhat, Thirumalesh and Das, Manuvir},
 title = {Perracotta: mining temporal API rules from imperfect traces},
 booktitle = {ICSE '06: Proceedings of the 28th international conference on Software engineering},
 year = {2006},
 isbn = {1-59593-375-1},
 pages = {282--291},
 location = {Shanghai, China},
 doi = {http://doi.acm.org/10.1145/1134285.1134325},
 publisher = {ACM},
 address = {New York, NY, USA},
 }

@inproceedings{Perracotta04_Main,
 author = {Yang, Jinlin and Evans, David},
 title = {Dynamically inferring temporal properties},
 booktitle = {PASTE '04: Proceedings of the 5th ACM SIGPLAN-SIGSOFT workshop on Program analysis for software tools and engineering},
 year = {2004},
 isbn = {1-58113-910-1},
 pages = {23--28},
 location = {Washington DC, USA},
 doi = {http://doi.acm.org/10.1145/996821.996832},
 publisher = {ACM},
 address = {New York, NY, USA},
 }

@inproceedings{Perracotta04_ProgramEvolution,
 author = {Yang, Jinlin and Evans, David},
 title = {Automatically Inferring Temporal Properties for Program Evolution},
 booktitle = {ISSRE '04: Proceedings of the 15th International Symposium on Software Reliability Engineering},
 year = {2004},
 isbn = {0-7695-2215-7},
 pages = {340--351},
 doi = {http://dx.doi.org/10.1109/ISSRE.2004.11},
 publisher = {IEEE Computer Society},
 address = {Washington, DC, USA},
 }

@inproceedings{AGSBM,
 author = {Lorenzoli, Davide and Mariani, Leonardo and Pezz\`{e}, Mauro},
 title = {Automatic generation of software behavioral models},
 booktitle = {ICSE '08: Proceedings of the 30th international conference on Software engineering},
 year = {2008},
 isbn = {978-1-60558-079-1},
 pages = {501--510},
 location = {Leipzig, Germany},
 doi = {http://doi.acm.org/10.1145/1368088.1368157},
 publisher = {ACM},
 address = {New York, NY, USA},
 }


@article{MapReduce,
 author = {Dean, Jeffrey and Ghemawat, Sanjay},
 title = {{MapReduce}: simplified data processing on large clusters},
 journal = {Commun. ACM},
 volume = {51},
 number = {1},
 year = {2008},
 issn = {0001-0782},
 pages = {107--113},
 doi = {http://doi.acm.org/10.1145/1327452.1327492},
 publisher = {ACM},
 address = {New York, NY, USA},
 }

@inproceedings{SpecPatterns,
 author = {Dwyer, Matthew B. and Avrunin, George S. and Corbett, James C.},
 title = {Patterns in property specifications for finite-state verification},
 booktitle = {ICSE '99: Proceedings of the 21st international conference on Software engineering},
 year = {1999},
 isbn = {1-58113-074-0},
 pages = {411--420},
 location = {Los Angeles, California, United States},
 doi = {http://doi.acm.org/10.1145/302405.302672},
 publisher = {ACM},
 address = {New York, NY, USA},
 }

@article{OriginsBisim,
 author = {Sangiorgi, Davide},
 title = {On the origins of bisimulation and coinduction},
 journal = {ACM Trans. Program. Lang. Syst.},
 volume = {31},
 number = {4},
 year = {2009},
 issn = {0164-0925},
 pages = {1--41},
 doi = {http://doi.acm.org/10.1145/1516507.1516510},
 publisher = {ACM},
 address = {New York, NY, USA},
 }

@article{BisimMin,
  author    = {Kathi Fisler and
               Moshe Y. Vardi},
  title     = {Bisimulation Minimization and Symbolic Model Checking},
  journal   = {Formal Methods in System Design},
  volume    = {21},
  number    = {1},
  year      = {2002},
  pages     = {39-78},
  bibsource = {DBLP, http://dblp.uni-trier.de}
}

@article{PartRefine,
 author = {Paige, Robert and Tarjan, Robert E.},
 title = {Three partition refinement algorithms},
 journal = {SIAM J. Comput.},
 volume = {16},
 number = {6},
 year = {1987},
 issn = {0097-5397},
 pages = {973--989},
 doi = {http://dx.doi.org/10.1137/0216062},
 publisher = {Society for Industrial and Applied Mathematics},
 address = {Philadelphia, PA, USA},
 }

@article{Paxos,
 author = {Lamport, Leslie},
 title = {The part-time parliament},
 journal = {ACM Trans. Comput. Syst.},
 volume = {16},
 number = {2},
 year = {1998},
 issn = {0734-2071},
 pages = {133--169},
 doi = {http://doi.acm.org/10.1145/279227.279229},
 publisher = {ACM},
 address = {New York, NY, USA},
 }


@inproceedings{TwoPhaseCommit,
 author = {Gray, Jim},
 title = {Notes on Data Base Operating Systems},
 booktitle = {Operating Systems, An Advanced Course},
 year = {1978},
 isbn = {3-540-08755-9},
 pages = {393--481},
 publisher = {Springer-Verlag},
 address = {London, UK},
 }

@inproceedings{Constellation,
 author = {Barham, Paul and Black, Richard and Goldszmidt, Moises and Isaacs, Rebecca and MacCormick, John and Mortier, Richard and Simma, Aleksandr},
 title = {Constellation: automated discovery of service and host dependencies in networked systems, no. MSR-TR-2008-67, April 2008},
 }

@inproceedings{SOS03,
 author = {Ellard, Daniel and 
			  Ledlie, Jonathan and 
           Malkani, Pia and 
           Seltzer, Margo},
 title = {Passive NFS Tracing of Email and Research Workloads},
 booktitle = {FAST '03: Proceedings of the Second Annual USENIX File and Storage Technologies Conference},
 year = {2003},
 pages = {203--216},
 publisher = {USENIX Association},
 address = {San Francisco, CA USA},
}


@MISC{NFSv3RFC,
note = "NFS Version 3 Protocol Specification, http://www.ietf.org/\\rfc/rfc1813.txt. Accessed March 7, 2010."
}

@MISC{JavaTwitterAPI,
note = "A Java wrapper around the Twitter API, http://code.google.com/\\p/java-twitter/. Accessed March 8, 2010."
}

@MISC{dot,
note = "Graphviz - Graph Visualization Software, http://www.graphviz.org/. Accessed March 8, 2010."
}

@MISC{ReverseTraceroute,
note = "Reverse Traceroute, http://www.cs.washington.edu/research/\\networking/astronomy/reverse-traceroute.html. Accessed March 9, 2010."
}

@MISC{PlanetLab,
note = "PlanetLab | An open platform for developing, deploying, and accessing planetary-scale services, https://www.planet-lab.org. Accessed March 9, 2010."
}


@MISC{IP_RR_RFC,
note = "IPv4 Specification, Record Route option. http://www.ietf.org/\\rfc/rfc791.txt. Pg. 20, 21. Accessed March 9, 2010."
}

@MISC{IP_TS_RFC,
note = "IPv4 Specification, Timestamp option. http://www.ietf.org/\\rfc/rfc791.txt. Pg. 22, 23. Accessed March 9, 2010."
}

@MISC{IP_Spoofing,
note = "IP address spoofing, http://en.wikipedia.org/wiki/IP\_address\_spoofing. Accessed March 9, 2010."
}

@inproceedings{Krka10icse-nier,
  author = {Ivo Krka and Yuriy Brun and Daniel Popescu and Joshua Garcia and Nenad Medvidovic},
  title = {Using Dynamic Execution Traces and Program Invariants to Enhance Behavioral Model Inference},
  booktitle = {Proceedings of the New Ideas and Emerging Results Track at the 32nd International Conference on Software Engineering ({ICSE}10)},
  year = {2010},
}

@inproceedings{Magpie,
 author = {Domingue, John and Dzbor, Martin},
 title = {Magpie: supporting browsing and navigation on the semantic web},
 booktitle = {IUI '04: Proceedings of the 9th international conference on Intelligent user interfaces},
 year = {2004},
 isbn = {1-58113-815-6},
 pages = {191--197},
 location = {Funchal, Madeira, Portugal},
 doi = {http://doi.acm.org/10.1145/964442.964479},
 publisher = {ACM},
 address = {New York, NY, USA},
 }

@inproceedings{XTrace,
  author    = {Rodrigo Fonseca and George Porter and Randy H. Katz and Scott Shenker and Ion Stoica},
  title     = {X-Trace: A Pervasive Network Tracing Framework},
  booktitle = {NSDI},
  year      = {2007},
  ee        = {http://www.usenix.org/events/nsdi07/tech/fonseca.html},
  bibsource = {DBLP, http://dblp.uni-trier.de}
}

@inproceedings{ASBMI,
 author = {Lo, David and Mariani, Leonardo and Pezz\`{e}, Mauro},
 title = {Automatic steering of behavioral model inference},
 booktitle = {ESEC/FSE '09: Proceedings of the the 7th joint meeting of the European software engineering conference and the ACM SIGSOFT symposium on The foundations of software engineering},
 year = {2009},
 isbn = {978-1-60558-001-2},
 pages = {345--354},
 location = {Amsterdam, The Netherlands},
 doi = {http://doi.acm.org/10.1145/1595696.1595761},
 publisher = {ACM},
 address = {New York, NY, USA},
 }
